<record><leader>00000cas a22000007a 4500</leader><controlfield tag="001">18317202</controlfield><controlfield tag="008">880805d18901902deudn ne      0    0eng d</controlfield><datafield ind1=" " ind2=" " tag="010"><subfield code="a">sn 88053055 </subfield></datafield><datafield ind1=" " ind2=" " tag="040"><subfield code="a">DEX</subfield><subfield code="b">eng</subfield><subfield code="c">DEX</subfield><subfield code="d">OCLCQ</subfield></datafield><datafield ind1=" " ind2=" " tag="042"><subfield code="a">msc</subfield></datafield><datafield ind1="0" ind2="4" tag="245"><subfield code="a">The Wilmington daily Republican.</subfield></datafield><datafield ind1=" " ind2=" " tag="260"><subfield code="a">Wilmington, Del. :</subfield><subfield code="b">Republican Print. and Pub. Co.</subfield></datafield><datafield ind1=" " ind2=" " tag="300"><subfield code="a">v.</subfield></datafield><datafield ind1=" " ind2=" " tag="310"><subfield code="a">Daily (except Sun.)</subfield></datafield><datafield ind1="0" ind2=" " tag="362"><subfield code="a">Dec. 26, 1890-Apr. 8, 1902.</subfield></datafield><datafield ind1=" " ind2=" " tag="752"><subfield code="a">United States</subfield><subfield code="b">Delaware</subfield><subfield code="c">New Castle</subfield><subfield code="d">Wilmington.</subfield></datafield><datafield ind1="0" ind2="0" tag="780"><subfield code="t">Daily Republican (Wilmington, Del. : 1874)</subfield><subfield code="w">(DLC)sn 84038114</subfield></datafield><datafield ind1="0" ind2="0" tag="785"><subfield code="t">Evening Republican (Wilmington, Del.)</subfield><subfield code="w">(DLC)sn 88053043</subfield></datafield></record>